<record><leader>00000cas a22000007a 4500</leader><controlfield tag="001">12633764</controlfield><controlfield tag="008">851004d18751882tnuwr ne      0   a0eng  </controlfield><controlfield tag="009">466</controlfield><datafield ind1=" " ind2=" " tag="010"><subfield code="a">sn 85042534 </subfield></datafield><datafield ind1=" " ind2=" " tag="040"><subfield code="a">DLC</subfield><subfield code="b">eng</subfield><subfield code="c">DLC</subfield><subfield code="d">NPX</subfield><subfield code="d">TGN</subfield><subfield code="d">DLC</subfield><subfield code="d">OCLCF</subfield></datafield><datafield ind1=" " ind2=" " tag="012"><subfield code="l">a</subfield></datafield><datafield ind1="0" ind2=" " tag="022"><subfield code="a">2166-5974</subfield><subfield code="2">1</subfield></datafield><datafield ind1="1" ind2=" " tag="029"><subfield code="a">AU@</subfield><subfield code="b">000020235228</subfield></datafield><datafield ind1=" " ind2=" " tag="042"><subfield code="a">msc</subfield><subfield code="a">nsdp</subfield></datafield><datafield ind1="0" ind2="0" tag="050"><subfield code="a">Newspaper</subfield></datafield><datafield ind1="1" ind2="0" tag="082"><subfield code="a">071</subfield><subfield code="2">14</subfield></datafield><datafield ind1=" " ind2="0" tag="222"><subfield code="a">Knoxville Whig and chronicle</subfield></datafield><datafield ind1="0" ind2="0" tag="245"><subfield code="a">Knoxville Whig and chronicle.</subfield></datafield><datafield ind1="1" ind2="3" tag="246"><subfield code="a">Whig and chronicle</subfield></datafield><datafield ind1="1" ind2="7" tag="246"><subfield code="a">Knoxville weekly Whig and chronicle</subfield></datafield><datafield ind1=" " ind2=" " tag="260"><subfield code="a">Knoxville, Tenn. :</subfield><subfield code="b">Whig and Chronicle Co.,</subfield><subfield code="c">1875-1882.</subfield></datafield><datafield ind1=" " ind2=" " tag="300"><subfield code="a">v. :</subfield><subfield code="b">ill. (chiefly advertisements) ;</subfield><subfield code="c">56 cm.</subfield></datafield><datafield ind1=" " ind2=" " tag="310"><subfield code="a">Weekly</subfield></datafield><datafield ind1="0" ind2=" " tag="362"><subfield code="a">Vol. 36, no. 49 (Mar. 3, 1875)-v.44, no. 37 (Dec. 6, 1882).</subfield></datafield><datafield ind1=" " ind2=" " tag="500"><subfield code="a">Editors: William Gannaway Brownlow, 1875-&lt;1877&gt;; Wm. Rule, &lt;1877&gt;-1882.</subfield></datafield><datafield ind1=" " ind2=" " tag="530"><subfield code="a">Archived issues are available in digital format as part of the Library of Congress Chronicling America online collection.</subfield></datafield><datafield ind1=" " ind2=" " tag="580"><subfield code="a">Merged with: Republican (Knoxville, Tenn.), to form: Republican chronicle (Knoxville, Tenn.).</subfield></datafield><datafield ind1=" " ind2="0" tag="651"><subfield code="a">Knoxville (Tenn.)</subfield><subfield code="v">Newspapers.</subfield></datafield><datafield ind1=" " ind2="0" tag="651"><subfield code="a">Knox County (Tenn.)</subfield><subfield code="v">Newspapers.</subfield></datafield><datafield ind1=" " ind2="7" tag="655"><subfield code="a">Newspapers.</subfield><subfield code="2">fast</subfield><subfield code="0">(OCoLC)fst01423814</subfield></datafield><datafield ind1=" " ind2="7" tag="651"><subfield code="a">Tennessee</subfield><subfield code="z">Knox County.</subfield><subfield code="2">fast</subfield><subfield code="0">(OCoLC)fst01215247</subfield></datafield><datafield ind1=" " ind2="7" tag="651"><subfield code="a">Tennessee</subfield><subfield code="z">Knoxville.</subfield><subfield code="2">fast</subfield><subfield code="0">(OCoLC)fst01206442</subfield></datafield><datafield ind1=" " ind2=" " tag="752"><subfield code="a">United States</subfield><subfield code="b">Tennessee</subfield><subfield code="c">Knox</subfield><subfield code="d">Knoxville.</subfield></datafield><datafield ind1="0" ind2=" " tag="775"><subfield code="t">Knoxville daily chronicle (Knoxville, Tenn. : 1870)</subfield><subfield code="x">2166-5923</subfield><subfield code="w">(DLC)sn 85033437</subfield><subfield code="w">(OCoLC)11984961</subfield></datafield><datafield ind1="1" ind2="7" tag="785"><subfield code="t">Republican (Knoxville, Tenn.)</subfield><subfield code="w">(DLC)sn 86071027</subfield><subfield code="w">(OCoLC)13032840</subfield></datafield><datafield ind1="1" ind2="7" tag="785"><subfield code="t">Republican chronicle (Knoxville, Tenn.)</subfield><subfield code="w">(DLC)sn 86071012</subfield><subfield code="w">(OCoLC)13020281</subfield></datafield><datafield ind1="4" ind2="1" tag="856"><subfield code="u">http://www.loc.gov/chroniclingamerica/lccn/sn85042534/issues</subfield></datafield></record>